@ARTICLE{hdrcde,
	author = {Hyndman, J. ~R. and Einbeck, J. and Wand, M.},
	title = {hdrcde: Highest density regions and conditional density estimation},
	journal = {R package},
	year = {2013},
	volume = {},
	pages = {},
	number = {},
	month = {},
	publisher = {},
url={http://www.robjhyndman.com/software/hdrcde}
}

@incollection{adjbox,
       author={Vanderveire, E. and Hubert, M.},
       year={2004},
       title={An adjusted boxplot for skewed distribution},
       booktitle={COMPSTAT 2004 Proceedings},
       editor={},
       pages={1933--1940},
       publisher={Physica-Verlag Springer},
       address={}
     }



@ARTICLE{bagplot,
	author = {Rousseeuw, P. ~J. and Ruts, I. and Tukey, J. ~W.},
	title = {The Bagplot: A Bivariate Boxplot},
	journal = {The American Statistician},
	year = {1999},
	volume = {55},
	pages = {382--387},
	number = {4},
	month = {},
	publisher = {}
}





@ARTICLE{Shane:2001,
	author = {Shane, K. ~V. and Simonoff, J. ~S},
	title = {A robust approach to categorical data analysis},
	journal = {Journal of Computational and Graphical Statistics},
	year = {2001},
	volume = {10},
	pages = {135--157},
	number = {1},
	month = {},
	publisher = {}
}

@BOOK{Kos:2012mon,
	title = {Statystyczne funkcje głębi w odpornej analizie ekonomicznej},
	publisher = {Wydawnictwo UEK w Krakowie},
	author = {Kosiorowski, D.},
	year = {2012},
	edition = {},
    address = {Kraków}
}

@BOOK{Bala:2012,
	title = {Methods and applications of statistics in the social and behavioral sciences.},
	publisher = {Wiley},
	author = {Balakrishnan, N.},
	year = {2012},
	edition = {},
    address = {New York}
}

@BOOK{Marona:2006,
	title = {Robust statistics - theory and methods},
	publisher = {John Wiley \& Sons},
	author = {Maronna, R. ~A. and Martin, R. ~D. and Yohai, V. ~J.},
	year = {2006},
	edition = {},
    address = {Chichester}
}

@BOOK{Hub:2011,
	title = {Data Analysis: What Can Be Learned From the Past 50 Years},
	publisher = {Springer},
	author = {Huber, P.},
	year = {2011},
	edition = {},
    address = {Wiley}
}

@ARTICLE{Depthproc:2014,
	author = {Kosiorowski, D. and  Zawadzki, Z.},
	title = {\emph{DepthProc}: An R Package for Robust Exploration of Multidimensional Economic
Phenomena},
	journal = {http://arxiv.org/pdf/1408.4542.pdf},
	year = {2014},
	volume = {},
	pages = {},
	number = {},
	month = {},
	publisher = {},
    url = {http://www.R-project.org/package=DepthProc},
    }
@ARTICLE{Kos:2014STATTR,
	author = {Kosiorowski, D. and Mielczarek, D. and Rydlewski, J. and Snarska, M.},
	title = {Sparse Methods for Analysis of Sparse Multivariate Data from Big Economic Databases},
	journal = {Statistics in Transition new series},
	year = {2014},
	volume = {15},
	pages = {111--132},
	number = {1},
	month = {},
	publisher = {}
}

@ARTICLE{Liu:1999,
	author = {Liu, R. ~Y. and Parelius, J. ~M. and Singh, K.},
	title = {Multivariate Analysis by Data Depth: Descriptive Statistics, Graphics and Inference (with discussion)},
	journal = {The Annals of Statistics},
	year = {1999},
	volume = {27},
	pages = {783--858},
	number = {},
	month = {},
	publisher = {}
}

@Manual{R,
    title = {R: A Language and Environment for Statistical Computing},
    author = {R Core Team},
    organization = {R Foundation for Statistical Computing},
    address = {Vienna, Austria},
    year = {2013},
    url = {http://www.R-project.org/},
  }


    @Article{rrcov,
    title = {An Object-Oriented Framework for Robust Multivariate Analysis},
    author = {Todorov, V. and Filzmoser, P.},
    journal = {Journal of Statistical Software},
    year = {2009},
    volume = {32},
    number = {3},
    pages = {1--47},
    url = {http://www.jstatsoft.org/v32/i03/},
  }

@Article{np,
    title = {Nonparametric Econometrics: The np Package},
    author = {Hayfield, T. and Racine, J. ~S.},
    journal = {Journal of Statistical Software},
    year = {2008},
    volume = {27},
    number = {5},
    url = {http://www.jstatsoft.org/v27/i05/},
  }

@BOOK{Loader:1999,
	title = {Local Regression and Likelihood},
	publisher = {Springer},
	author = {Loader, C.},
	year = {1999},
	edition = {},
    address = {New York}
}

@BOOK{Atkinson:2004,
	title = {Exploring multivariate data with the forward search},
	publisher = {Springer-Verlag},
	author = {Atkinson, A.~C. and Riani, M. and Cerioli, A.,},
	year = {2004},
	edition = {},
    address = {New York}
}

@BOOK{Oja:2010,
	title = {Multivariate nonparametric methods with R. An approach based on spatial signs and ranks.},
	publisher = {Springer},
	author = {Oja, H.},
	year = {2010},
	edition = { Lecture Notes in Statistics},
    address = {New York}
}

@ARTICLE{Oja:2004,
	author = {Oja, H. and Randles, R. ~H.},
	title = {Multivariate nonparametric tests.},
	journal = {Statistical Science},
	year = {2004},
	volume = {19},
	pages = {598--605},
	number = {},
	month = {},
	publisher = {}
}

@ARTICLE{Hubert:1999,
	author = {Rousseeuw, P. ~J. and Hubert, M.},
	title = {Regression depth.},
	journal = {Journal of the American Statistical Association.},
	year = {2004},
	volume = {94},
	pages = {388--433},
	number = {},
	month = {},
	publisher = {}
}

@ARTICLE{Van:2000,
	author = {Van Aelst, S. and Rousseeuw, P. ~J.},
	title = {Robustness properties of deepest regression.},
	journal = {Journal of Multivariate Analysis},
	year = {2000},
	volume = {73},
	pages = {82--106},
	number = {},
	month = {},
	publisher = {}
}
